
@article{YOLO-v1,
  author    = {Joseph Redmon and
               Santosh Kumar Divvala and
               Ross B. Girshick and
               Ali Farhadi},
  title     = {You Only Look Once: Unified, Real-Time Object Detection},
  journal   = {CoRR},
  volume    = {abs/1506.02640},
  year      = {2015},
  url       = {http://arxiv.org/abs/1506.02640},
  archivePrefix = {arXiv},
  eprint    = {1506.02640},
  timestamp = {Wed, 07 Jun 2017 14:40:10 +0200},
  biburl    = {https://dblp.org/rec/bib/journals/corr/RedmonDGF15},
  bibsource = {dblp computer science bibliography, https://dblp.org}
}


@article{YOLO-v2,
  author    = {Joseph Redmon and
               Ali Farhadi},
  title     = {{YOLO9000:} Better, Faster, Stronger},
  journal   = {CoRR},
  volume    = {abs/1612.08242},
  year      = {2016},
  url       = {http://arxiv.org/abs/1612.08242},
  archivePrefix = {arXiv},
  eprint    = {1612.08242},
  timestamp = {Wed, 07 Jun 2017 14:40:20 +0200},
  biburl    = {https://dblp.org/rec/bib/journals/corr/RedmonF16},
  bibsource = {dblp computer science bibliography, https://dblp.org}
}


@article{Speed-accuracy-trade-offs,
  author    = {Jonathan Huang and
               Vivek Rathod and
               Chen Sun and
               Menglong Zhu and
               Anoop Korattikara and
               Alireza Fathi and
               Ian Fischer and
               Zbigniew Wojna and
               Yang Song and
               Sergio Guadarrama and
               Kevin Murphy},
  title     = {Speed/accuracy trade-offs for modern convolutional object detectors},
  journal   = {CoRR},
  volume    = {abs/1611.10012},
  year      = {2016},
  url       = {http://arxiv.org/abs/1611.10012},
  archivePrefix = {arXiv},
  eprint    = {1611.10012},
  timestamp = {Wed, 07 Jun 2017 14:41:50 +0200},
  biburl    = {http://dblp.org/rec/bib/journals/corr/HuangRSZKFFWSG016},
  bibsource = {dblp computer science bibliography, http://dblp.org}
}


@incollection{AlexNet,
title = {ImageNet Classification with Deep Convolutional Neural Networks},
author = {Alex Krizhevsky and Sutskever, Ilya and Hinton, Geoffrey E},
booktitle = {Advances in Neural Information Processing Systems 25},
editor = {F. Pereira and C. J. C. Burges and L. Bottou and K. Q. Weinberger},
pages = {1097--1105},
year = {2012},
publisher = {Curran Associates, Inc.},
}


@inproceedings{Google-Inception,
title = {Going Deeper with Convolutions},
author  = {Christian Szegedy and Wei Liu and Yangqing Jia and Pierre Sermanet and Scott Reed and Dragomir Anguelov and Dumitru Erhan and Vincent Vanhoucke and Andrew Rabinovich},
year  = {2015},
booktitle = {Computer Vision and Pattern Recognition (CVPR)}
}



@inproceedings{R-CNN,
 author = {Girshick, Ross and Donahue, Jeff and Darrell, Trevor and Malik, Jitendra},
 title = {Rich Feature Hierarchies for Accurate Object Detection and Semantic Segmentation},
 booktitle = {Proceedings of the 2014 IEEE Conference on Computer Vision and Pattern Recognition},
 series = {CVPR '14},
 year = {2014},
 isbn = {978-1-4799-5118-5},
 pages = {580--587},
 numpages = {8},
 doi = {10.1109/CVPR.2014.81},
 acmid = {2679851},
 publisher = {IEEE Computer Society},
 address = {Washington, DC, USA},
} 


@ARTICLE{RPN, 
author={S. Ren and K. He and R. Girshick and J. Sun}, 
journal={IEEE Transactions on Pattern Analysis and Machine Intelligence}, 
title={Faster R-CNN: Towards Real-Time Object Detection with Region Proposal Networks}, 
year={2017}, 
volume={39}, 
number={6}, 
pages={1137-1149}, 
keywords={graphics processing units;neural nets;object detection;COCO 2015 competitions;GPU;ILSVRC;MS COCO datasets;PASCAL VOC 2007;PASCAL VOC 2012;RPN;attention mechanisms;deep VGG-16 model;faster-R-CNN;full-image convolutional features;high-quality region proposals;object detection accuracy;real-time object detection;region proposal networks;Convolutional codes;Detectors;Feature extraction;Object detection;Proposals;Search problems;Training;Object detection;convolutional neural network;region proposal}, 
doi={10.1109/TPAMI.2016.2577031}, 
ISSN={0162-8828}, 
month={June},}



@ARTICLE{Recursive-3D-road-and-relative-ego-state-recognition, 
  author = {E. D. Dickmanns and B. D. Mysliwetz}, 
  journal={IEEE Transactions on Pattern Analysis and Machine Intelligence}, 
  title={Recursive 3-D road and relative ego-state recognition}, 
  year={1992}, 
  volume={14}, 
  number={2}, 
  pages={199-213}, 
  keywords={computational geometry;computer vision;computerised navigation;computerised pattern recognition;road vehicles;Intel 386;Intel 80286;VaMoRs;computer vision;computerised navigation;differential geometry representation;ego-state recognition;pattern recognition;recursive 3D road curvature recognition;spatial constraints;spatio-temporal model;temporal constraints;Cameras;Geometry;Layout;Machine vision;Motion measurement;Recursive estimation;Road vehicles;State estimation;Time measurement;Velocity measurement}, 
  doi={10.1109/34.121789}, 
  ISSN={0162-8828}, 
  month={Feb},
}


@ARTICLE{3D-Traffic-Scene-Understanding-From-Movable-Platforms, 
  author = {A. Geiger and M. Lauer and C. Wojek and C. Stiller and R. Urtasun}, 
  journal={IEEE Transactions on Pattern Analysis and Machine Intelligence}, 
  title={3D Traffic Scene Understanding From Movable Platforms}, 
  year={2014}, 
  volume={36}, 
  number={5}, 
  pages={1012-1025}, 
  keywords={image sequences;object detection;object tracking;road traffic;traffic engineering computing;video signal processing;3D scene layout;3D traffic scene understanding;cluttered urban environments;movable platforms;multiobject traffic scene understanding;object detection;object location;object orientation;occupancy grid;probabilistic generative model;scene flow;scene geometry;scene topology;semantic scene labels;traffic activities;vanishing points;vehicle tracklet;video sequences;visual cues;Hidden Markov models;Layout;Roads;Semantics;Splines (mathematics);Three-dimensional displays;Vehicles;3D scene layout estimation;3D scene understanding;Autonomous vehicles;Image Processing and Computer Vision;Robotics;Scene Analysis;autonomous driving}, 
  doi={10.1109/TPAMI.2013.185}, 
  ISSN={0162-8828}, 
  month={May},
}





@article{Play-and-Learn-Using-Video-Games-to-Train-Computer-Vision-Models,
  author    = {A. Shafaei and
               J. Little and
               M. Schmidt},
  title     = {Play and Learn: Using Video Games to Train Computer Vision Models},
  journal   = {CoRR},
  volume    = {abs/1608.01745},
  year      = {2016},
  timestamp = {Wed, 07 Jun 2017 14:40:58 +0200},
  biburl    = {http://dblp.org/rec/bib/journals/corr/ShafaeiLS16},
  bibsource = {dblp computer science bibliography, http://dblp.org},
}





@Inbook{Intel-Playing-for-Data,
author={Richter, S. R.
and Vineet, V.
and Roth, S.
and Koltun, V.},
editor={Leibe, Bastian
and Matas, Jiri
and Sebe, Nicu
and Welling, Max},
title={Playing for Data: Ground Truth from Computer Games},
bookTitle={Computer Vision -- ECCV 2016: 14th European Conference, Amsterdam, The Netherlands, October 11-14, 2016, Proceedings, Part II},
year={2016},
publisher={Springer International Publishing},
address={Cham},
pages={102--118},
isbn={978-3-319-46475-6},
doi={10.1007/978-3-319-46475-6_7},
}



@INPROCEEDINGS{Deep-Neural-Networks-are-Easily-Fooled-High-Confidence-Predictions, 
author={A. Nguyen and J. Yosinski and J. Clune}, 
booktitle={2015 IEEE Conference on Computer Vision and Pattern Recognition (CVPR)}, 
title={Deep neural networks are easily fooled: High confidence predictions for unrecognizable images}, 
year={2015}, 
volume={}, 
number={}, 
pages={427-436}, 
keywords={computer vision;convolution;evolutionary computation;image classification;neural nets;object recognition;DNNs;ImageNet datasets;MNIST datasets;computer vision;convolutional neural networks;deep neural networks;evolutionary algorithms;fooling images;gradient ascent;image labeling;pattern-recognition tasks;recognizable objects;unrecognizable images;visual classification problems;Biomedical imaging;Keyboards;Volcanoes}, 
doi={10.1109/CVPR.2015.7298640}, 
ISSN={1063-6919}, 
month={June},
}


@INPROCEEDINGS{Driving-in-the-Matrix, 
author={M. Johnson-Roberson and C. Barto and R. Mehta and S. N. Sridhar and K. Rosaen and R. Vasudevan}, 
booktitle={2017 IEEE International Conference on Robotics and Automation (ICRA)}, 
title={Driving in the Matrix: Can virtual worlds replace human-generated annotations for real world tasks?}, 
year={2017}, 
volume={}, 
number={}, 
pages={746-753}, 
keywords={learning (artificial intelligence);pattern classification;data classification;deep learning;human-generated annotation;machine learning algorithm;photo-realistic computer image;sensor-based classification problems;virtual world;Automobiles;Data models;Engines;Machine learning;Robots;Training;Training data;autonomous driving;deep learning;object detection;simulation}, 
doi={10.1109/ICRA.2017.7989092}, 
ISSN={}, 
month={May},}


@inproceedings{Front-Vehicle-Detection-and-Distance-Estimation,
 author = {Chen, Chao-Ho and Chen, Tsong-Yi and Huang, Deng-Yuan and Feng, Kai-Wei},
 title = {Front Vehicle Detection and Distance Estimation Using Single-Lens Video Camera},
 booktitle = {Proceedings of the 2015 Third International Conference on Robot, Vision and Signal Processing (RVSP)},
 series = {RVSP '15},
 year = {2015},
 isbn = {978-1-4673-9647-9},
 pages = {14--17},
 numpages = {4},
 doi = {10.1109/RVSP.2015.12},
 acmid = {2923456},
 publisher = {IEEE Computer Society},
 address = {Washington, DC, USA},
} 


@manual{OpenCV,
title = {OpenCV API Reference},
OPTlanguage = {English},
OPTversion = {Version 3.0.0},
organization = {OpenCV},
url = {https://docs.opencv.org/3.0-beta/index.html}
}


@misc{standford-cnn,
author = {A. Karpathy and J. Johnson},
title = {CS231n: Convolutional Neural Networks for Visual Recognition},
organization = {Stanford},
howpublished = {\url{http://cs231n.github.io/convolutional-networks/}},
}


@article{Tensorflow,
  author    = {Mart{\'{\i}}n Abadi and
               Ashish Agarwal and
               Paul Barham and
               Eugene Brevdo and
               Zhifeng Chen and
               Craig Citro and
               Gregory S. Corrado and
               Andy Davis and
               Jeffrey Dean and
               Matthieu Devin and
               Sanjay Ghemawat and
               Ian J. Goodfellow and
               Andrew Harp and
               Geoffrey Irving and
               Michael Isard and
               Yangqing Jia and
               Rafal J{\'{o}}zefowicz and
               Lukasz Kaiser and
               Manjunath Kudlur and
               Josh Levenberg and
               Dan Man{\'{e}} and
               Rajat Monga and
               Sherry Moore and
               Derek Gordon Murray and
               Chris Olah and
               Mike Schuster and
               Jonathon Shlens and
               Benoit Steiner and
               Ilya Sutskever and
               Kunal Talwar and
               Paul A. Tucker and
               Vincent Vanhoucke and
               Vijay Vasudevan and
               Fernanda B. Vi{\'{e}}gas and
               Oriol Vinyals and
               Pete Warden and
               Martin Wattenberg and
               Martin Wicke and
               Yuan Yu and
               Xiaoqiang Zheng},
  title     = {TensorFlow: Large-Scale Machine Learning on Heterogeneous Distributed
               Systems},
  journal   = {CoRR},
  volume    = {abs/1603.04467},
  year      = {2016},
  url = {https://www.tensorflow.org/api_docs/python/}
  archivePrefix = {arXiv},
  eprint    = {1603.04467},
  timestamp = {Wed, 07 Jun 2017 14:40:20 +0200},
  biburl    = {http://dblp.org/rec/bib/journals/corr/AbadiABBCCCDDDG16},
  bibsource = {dblp computer science bibliography, http://dblp.org}
}


@inproceedings{Cityscapes,
title={The Cityscapes Dataset for Semantic Urban Scene Understanding},
author={Cordts, Marius and Omran, Mohamed and Ramos, Sebastian and Rehfeld, Timo and Enzweiler, Markus and Benenson, Rodrigo and Franke, Uwe and Roth, Stefan and Schiele, Bernt},
booktitle={Proc. of the IEEE Conference on Computer Vision and Pattern Recognition (CVPR)},
year={2016}
}

@ARTICLE{KITTI,
  author = {Andreas Geiger and Philip Lenz and Christoph Stiller and Raquel Urtasun},
  title = {Vision meets Robotics: The KITTI Dataset},
  journal = {International Journal of Robotics Research (IJRR)},
  year = {2013}
}


@article{ILSVRC15,
Author = {Olga Russakovsky and Jia Deng and Hao Su and Jonathan Krause and Sanjeev Satheesh and Sean Ma and Zhiheng Huang and Andrej Karpathy and Aditya Khosla and Michael Bernstein and Alexander C. Berg and Li Fei-Fei},
Title = {{ImageNet Large Scale Visual Recognition Challenge}},
Year = {2015},
journal   = {International Journal of Computer Vision (IJCV)},
doi = {10.1007/s11263-015-0816-y},
volume={115},
number={3},
pages={211-252}
}

@Inbook{COCO,
author="Lin, Tsung-Yi
and Maire, Michael
and Belongie, Serge
and Hays, James
and Perona, Pietro
and Ramanan, Deva
and Doll{\'a}r, Piotr
and Zitnick, C. Lawrence",
editor="Fleet, David
and Pajdla, Tomas
and Schiele, Bernt
and Tuytelaars, Tinne",
title="Microsoft COCO: Common Objects in Context",
bookTitle="Computer Vision -- ECCV 2014: 13th European Conference, Zurich, Switzerland, September 6-12, 2014, Proceedings, Part V",
year="2014",
publisher="Springer International Publishing",
address="Cham",
pages="740--755",
isbn="978-3-319-10602-1",
doi="10.1007/978-3-319-10602-1_48",
url="https://doi.org/10.1007/978-3-319-10602-1_48"
}

@misc{darknet,
  author =   {Joseph Redmon},
  title =    {Darknet: Open Source Neural Networks in C},
  howpublished = {\url{http://pjreddie.com/darknet/}},
  year = {2013--2016}
}
